@book{100,
  title={60 minutos para aprender JAVA},
  author={Ed Tittle},
  year={1996},
  publisher={Berkeley Brasil},
  address={São Paulo},
  note={{ISBN:} 85-7251-392-2},
}
@book{101,
  title={Usando Java},
  author={Alexander Newman},
  year={1997},
  publisher={Campus},
  address={Rio de Janeiro},
  note={{ISBN:} 85-352-0098-3},
}
@misc{1,
  title = {The Java Programming Language and the Java Platform. Oracle.},
  howpublished = {\url{http://www.oracle.com/technetwork/topics/newtojava/downloads/index.html}},
  note = {Accessed: 2018-05-12}
}
@misc{2,
  title = {Java: Declaração e utilização de classes. DevMedia.},
  howpublished = {\url{https://www.devmedia.com.br/java-declaracao-e-utilizacao-de-classes/38374}},
  note = {Accessed: 2018-05-12}
}
@misc{3,
  title = {JAVA – Principais características. Tableless.},
  howpublished = {\url{https://tableless.com.br/java-principais-caracteristicas/}},
  note = {Accessed: 2018-05-12}
}
@misc{4,
  title = {Coletor de lixo (informática). Wikipedia.},
  howpublished = {\url{https://pt.wikipedia.org/wiki/Coletor_de_lixo_(informática)}},
  note = {Accessed: 2018-05-12}
}
@misc{5,
  title = {Framework. Wikipedia.},
  howpublished = {\url{https://pt.wikipedia.org/wiki/Framework}},
  note = {Accessed: 2018-05-13}
}
@misc{6,
  title = {Ambiente de desenvolvimento integrado. Wikipedia.},
  howpublished = {\url{https://pt.wikipedia.org/wiki/Ambiente_de_desenvolvimento_integrado}},
  note = {Accessed: 2018-05-13}
}
@misc{7,
  title = {Do C/C++ para o Java: Conheça as diferenças e principais características. DevMedia},
  howpublished = {\url{https://www.devmedia.com.br/do-c-c-para-o-java-conheca-as-diferencas-e-principais-caracteristicas/26773}},
  note = {Accessed: 2018-05-10}
}
@misc{8,
  title = {Java (linguagem de programação). Wikipedia.},
  howpublished = {\url{https://pt.wikipedia.org/wiki/Java_(linguagem_de_programação)}},
  note = {Accessed: 2018-05-13}
}
@misc{9,
  title = {Entendendo e conhecendo as versões do Java. DevMedia.},
  howpublished = {\url{https://www.devmedia.com.br/entendendo-e-conhecendo-as-versoes-do-java/25210
}},
  note = {Accessed: 2018-05-07}
}
@misc{10,
  title = {Duke the Java mascot. Oracle.},
  howpublished = {\url{https://www.oracle.com/java/duke.html}},
  note = {Accessed: 2018-05-07}
}






